<?xml version="1.0" encoding="UTF-8"?><collection xmlns="http://www.loc.gov/MARC21/slim"><record><leader>00538nam--2200121-i-4500</leader><controlfield tag="001">000035782</controlfield><controlfield tag="002">20161230</controlfield><controlfield tag="005">20161230201040</controlfield><controlfield tag="008">060222s1000------------r-----000-0-eng-d</controlfield><datafield ind1=" " ind2=" " tag="080"><subfield code="a">535:621.375.826:621.52(058.7)</subfield></datafield><datafield ind1=" " ind2=" " tag="245"><subfield code="a">The optical industry and systems purchasing directory. the international buyers`guide and reference photonics: high-technology optics, electro-optics, lasers, fibres, fiber optics and vacuum science. 1982, 28th edition</subfield></datafield><datafield ind1=" " ind2=" " tag="260"><subfield code="a">Long Beach, Herron Optical A Division Of Bausch And Lomb, 1982, 614p</subfield></datafield><datafield ind1=" " ind2=" " tag="852"><subfield code="a">D.2122</subfield></datafield></record></collection>